@inproceedings{icrc2019_agn,
      author         = "Bradascio, Federica",
      title          = "{Search for high-energy neutrinos from AGN cores}",
      booktitle      = "{IceCube Contributions to the 36th International Cosmic Ray
                        Conference (ICRC2019)}",
      collaboration  = "IceCube",
      year           = "2019",
      eprint         = "1908.05170",
      archivePrefix  = "arXiv",
      primaryClass   = "astro-ph.HE",
      reportNumber   = "PoS-ICRC2019-845",
      SLACcitation   = "%%CITATION = ARXIV:1908.05170;%%"
}

@inproceedings{icrc2019_reco,
      author         = "Bradascio, Federica and Gluesenkamp, Thorsten",
      title          = "{An improved muon track reconstruction for IceCube}",
      booktitle      = "{IceCube Contributions to the 36th International Cosmic Ray
                        Conference (ICRC2019)}",
      collaboration  = "IceCube",
      year           = "2019",
      eprint         = "1908.07961",
      archivePrefix  = "arXiv",
      primaryClass   = "astro-ph.IM",
      reportNumber   = "PoS-ICRC2019-846",
      SLACcitation   = "%%CITATION = ARXIV:1908.07961;%%"
}

@inproceedings{icrc2019_outreach,
      author         = "Bradascio, Federica and others",
      title          = "{Cosmic@Web - Astroparticle learning platform for students}",
      booktitle      = "{36th International Cosmic Ray
                        Conference (ICRC2019)}",
      collaboration  = "IceCube",
      year           = "2019",
      reportNumber   = "PoS-ICRC2019-419",
}

@article{vlvnt2018,
      author         = "Bradascio, Federica and Gluesenkamp, Thorsten",
      title          = "{Improving the muon track reconstruction of IceCube and
                        IceCube-Gen2}",
      booktitle      = "{Proceedings, 8th Very Large Volume Neutrino Telescope
                        Workshop (VLVnT-2018): Dubna, Russia, October 2-4, 2018}",
      journal        = "EPJ Web Conf.",
      volume         = "207",
      year           = "2019",
      pages          = "05002",
      doi            = "10.1051/epjconf/201920705002",
      eprint         = "1905.09612",
      archivePrefix  = "arXiv",
      primaryClass   = "astro-ph.IM",
      SLACcitation   = "%%CITATION = ARXIV:1905.09612;%%"
}




@article{Lopes:2017,
      author         = "Lopes, Mauricio and others",
      title          = "{Mu2e Transport Solenoid Cold-Mass Alignment Issues}",
      booktitle      = "{Proceedings, Applied Superconductivity Conference (ASC
                        2016): Denver, Colorado, September 4-9, 2016}",
      collaboration  = "Mu2e",
      journal        = "IEEE Trans. Appl. Supercond.",
      volume         = "27",
      year           = "2017",
      number         = "4",
      pages          = "4500405",
      doi            = "10.1109/TASC.2016.2642641",
      reportNumber   = "FERMILAB-PUB-16-327-E-TD",
      SLACcitation   = "%%CITATION = ITASE,27,4500405;%%"
}
@article{mu2e_ichep,
      author         = "Bradascio, Federica",
      title          = "{Studies of the impact of magnetic field uncertainties on
                        physics parameters of the Mu2e experiment}",
      booktitle      = "{Proceedings, 38th International Conference on High
                        Energy Physics (ICHEP 2016): Chicago, IL, USA, August
                        3-10, 2016}",
      collaboration  = "Mu2e",
      journal        = "PoS",
      volume         = "ICHEP2016",
      year           = "2016",
      pages          = "717",
      doi            = "10.22323/1.282.0717",
      SLACcitation   = "%%CITATION = POSCI,ICHEP2016,717;%%"
}
@mastersthesis{mu2e_thesis,
      author         = "Bradascio, Federica",
      title          = "{Studies of the Impact of Magnetic Field Uncertainties on
                        Physics Parameters of the Mu2e Experiment}",
      school         = "Pisa U.",
      year           = "2016",
      url            = "http://lss.fnal.gov/archive/masters/fermilab-masters-2016-04.pdf",
      doi            = "10.2172/1275506",
      reportNumber   = "FERMILAB-MASTERS-2016-04",
      SLACcitation   = "%%CITATION = FERMILAB-MASTERS-2016-04;%%"
}







@article{Kimura_2015,
	doi = {10.1088/0004-637x/806/2/159},
	url = {https://doi.org/10.1088%2F0004-637x%2F806%2F2%2F159},
	year = 2015,
	publisher = {{IOP} Publishing},
	volume = {806},
	number = {2},
	pages = {159},
	author = {Shigeo S. Kimura and Kohta Murase and Kenji Toma},
	title = {Neutrino and cosmic-ray emission and cumulative background from radiatively inefficient accretion flows in low-luminosity Active Galactic Nuclei},
	journal = {The Astrophysical Journal},
}
@article{PhysRevD.89.123005,
  title = {High-energy neutrinos from radio galaxies},
  author = {Becker Tjus, J. and others},
  journal = {Phys. Rev. D},
  volume = {89},
  issue = {12},
  pages = {123005},
  numpages = {10},
  year = {2014},
  publisher = {American Physical Society},
  doi = {10.1103/PhysRevD.89.123005},
  url = {https://link.aps.org/doi/10.1103/PhysRevD.89.123005}
}

@article{PhysRevLett.66.2697,
  title = {High-energy neutrinos from active galactic nuclei},
  author = {Stecker, F. W. and Done, C. and Salamon, M. H. and Sommers, P.},
  journal = {Phys. Rev. Lett.},
  volume = {66},
  issue = {21},
  pages = {2697--2700},
  numpages = {0},
  year = {1991},
  publisher = {American Physical Society},
  doi = {10.1103/PhysRevLett.66.2697},
  url = {https://link.aps.org/doi/10.1103/PhysRevLett.66.2697}
}




%%%%%% GRAVITATIONAL WAVES %%%%%%%%%%%%%%
@article{Ford:2019zvt,
      author         = "Ford, K. E. Saavik and others",
      title          = "{AGN (and other) astrophysics with Gravitational Wave
                        Events}",
      year           = "2019",
      eprint         = "1903.09529",
      archivePrefix  = "arXiv",
      primaryClass   = "astro-ph.HE",
      SLACcitation   = "%%CITATION = ARXIV:1903.09529;%%"
}

@article{McKernan:2012rf,
      author         = "McKernan, B. and Ford, K. E. S. and Lyra, W. and Perets,
                        H. B.",
      title          = "{Intermediate mass black holes in AGN disks: I.
                        Production \& Growth}",
      journal        = "Mon. Not. Roy. Astron. Soc.",
      volume         = "425",
      year           = "2012",
      pages          = "460",
      doi            = "10.1111/j.1365-2966.2012.21486.x",
      eprint         = "1206.2309",
      archivePrefix  = "arXiv",
      primaryClass   = "astro-ph.GA",
      SLACcitation   = "%%CITATION = ARXIV:1206.2309;%%"
}

@article{McKernan:2014oxa,
      author         = "McKernan, B. and Ford, K. E. S. and Kocsis, B. and Lyra,
                        W. and Winter, L. M.",
      title          = "{Intermediate-mass black holes in AGN discs ? II. Model
                        predictions and observational constraints}",
      journal        = "Mon. Not. Roy. Astron. Soc.",
      volume         = "441",
      year           = "2014",
      number         = "1",
      pages          = "900-909",
      doi            = "10.1093/mnras/stu553",
      eprint         = "1403.6433",
      archivePrefix  = "arXiv",
      primaryClass   = "astro-ph.GA",
      SLACcitation   = "%%CITATION = ARXIV:1403.6433;%%"
}

@article{McKernan:2017umu,
      author         = "Mckernan, B. and others",
      title          = "{Constraining Stellar-mass Black Hole Mergers in AGN
                        Disks Detectable with LIGO}",
      journal        = "Astrophys. J.",
      volume         = "866",
      year           = "2018",
      number         = "1",
      pages          = "66",
      doi            = "10.3847/1538-4357/aadae5",
      eprint         = "1702.07818",
      archivePrefix  = "arXiv",
      primaryClass   = "astro-ph.HE",
      SLACcitation   = "%%CITATION = ARXIV:1702.07818;%%"
}

@article{Bartos:2016dgn,
      author         = "Bartos, Imre and Kocsis, Bence and Haiman, Zolt and
                        M\'{a}rka, Szabolcs",
      title          = "{Rapid and Bright Stellar-mass Binary Black Hole Mergers
                        in Active Galactic Nuclei}",
      journal        = "Astrophys. J.",
      volume         = "835",
      year           = "2017",
      number         = "2",
      pages          = "165",
      doi            = "10.3847/1538-4357/835/2/165",
      eprint         = "1602.03831",
      archivePrefix  = "arXiv",
      primaryClass   = "astro-ph.HE",
      SLACcitation   = "%%CITATION = ARXIV:1602.03831;%%"
}

@article{Stone:2016wzz,
      author         = "Stone, Nicholas C. and Metzger, Brian D. and Haiman,
                        Zoltï¿½n",
      title          = "{Assisted inspirals of stellar mass black holes embedded
                        in AGN discs: solving the ?final au problem?}",
      journal        = "Mon. Not. Roy. Astron. Soc.",
      volume         = "464",
      year           = "2017",
      number         = "1",
      pages          = "946-954",
      doi            = "10.1093/mnras/stw2260",
      eprint         = "1602.04226",
      archivePrefix  = "arXiv",
      primaryClass   = "astro-ph.GA",
      SLACcitation   = "%%CITATION = ARXIV:1602.04226;%%"
}

@article{Fragione:2018yrb,
      author         = "Fragione, Giacomo and Grishin, Evgeni and Leigh, Nathan
                        W. C. and Perets, Hagai.B. and Perna, Rosalba",
      title          = "{Black hole and neutron star mergers in galactic nuclei}",
      journal        = "Mon. Not. Roy. Astron. Soc.",
      volume         = "488",
      year           = "2019",
      number         = "1",
      pages          = "47-63",
      doi            = "10.1093/mnras/stz1651",
      eprint         = "1811.10627",
      archivePrefix  = "arXiv",
      primaryClass   = "astro-ph.GA",
      SLACcitation   = "%%CITATION = ARXIV:1811.10627;%%"
}

@article{Wu_2019,
   title={Solving Statistical Mechanics Using Variational Autoregressive Networks},
   volume={122},
   ISSN={1079-7114},
   url={http://dx.doi.org/10.1103/PhysRevLett.122.080602},
   DOI={10.1103/physrevlett.122.080602},
   number={8},
   journal={Physical Review Letters},
   publisher={American Physical Society (APS)},
   author={Wu, Dian and Wang, Lei and Zhang, Pan},
   year={2019},
   month={Feb}
}

@misc{boyda2020sampling,
      title={Sampling using $SU(N)$ gauge equivariant flows}, 
      author={Denis Boyda and Gurtej Kanwar and SÃ©bastien RacaniÃ¨re and Danilo Jimenez Rezende and Michael S. Albergo and Kyle Cranmer and Daniel C. Hackett and Phiala E. Shanahan},
      year={2020},
      eprint={2008.05456},
      archivePrefix={arXiv},
      primaryClass={hep-lat}
}

@misc{nicoli2020estimation,
      title={On Estimation of Thermodynamic Observables in Lattice Field Theories with Deep Generative Models}, 
      author={Kim A. Nicoli and Christopher J. Anders and Lena Funcke and Tobias Hartung and Karl Jansen and Pan Kessel and Shinichi Nakajima and Paolo Stornati},
      year={2020},
      eprint={2007.07115},
      archivePrefix={arXiv},
      primaryClass={hep-lat}
}

@book{Goodfellow-et-al-2016,
    title={Deep Learning},
    author={Ian Goodfellow and Yoshua Bengio and Aaron Courville},
    publisher={MIT Press},
    note={\url{http://www.deeplearningbook.org}},
    year={2016}
}


@article{Kanwar_2020,
   title={Equivariant Flow-Based Sampling for Lattice Gauge Theory},
   volume={125},
   ISSN={1079-7114},
   url={http://dx.doi.org/10.1103/PhysRevLett.125.121601},
   DOI={10.1103/physrevlett.125.121601},
   number={12},
   journal={Physical Review Letters},
   publisher={American Physical Society (APS)},
   author={Kanwar, Gurtej and Albergo, Michael S. and Boyda, Denis and Cranmer, Kyle and Hackett, Daniel C. and RacaniÃ¨re, SÃ©bastien and Rezende, Danilo Jimenez and Shanahan, Phiala E.},
   year={2020},
   month={Sep}
}

@article{Ba_uls_2020,
   title={Simulating lattice gauge theories within quantum technologies},
   volume={74},
   ISSN={1434-6079},
   url={http://dx.doi.org/10.1140/epjd/e2020-100571-8},
   DOI={10.1140/epjd/e2020-100571-8},
   number={8},
   journal={The European Physical Journal D},
   publisher={Springer Science and Business Media LLC},
   author={BaÃ±uls, Mari Carmen and Blatt, Rainer and Catani, Jacopo and Celi, Alessio and Cirac, Juan Ignacio and Dalmonte, Marcello and Fallani, Leonardo and Jansen, Karl and Lewenstein, Maciej and Montangero, Simone and et al.},
   year={2020},
   month={Aug}
}

@article{Rico_2014,
   title={Tensor Networks for Lattice Gauge Theories and Atomic Quantum Simulation},
   volume={112},
   ISSN={1079-7114},
   url={http://dx.doi.org/10.1103/PhysRevLett.112.201601},
   DOI={10.1103/physrevlett.112.201601},
   number={20},
   journal={Physical Review Letters},
   publisher={American Physical Society (APS)},
   author={Rico, E. and Pichler, T. and Dalmonte, M. and Zoller, P. and Montangero, S.},
   year={2014},
   month={May}
}

@article{PhysRevD.10.3235,
  title = {Dynamical symmetry breaking in asymptotically free field theories},
  author = {Gross, David J. and Neveu, Andr\'e},
  journal = {Phys. Rev. D},
  volume = {10},
  issue = {10},
  pages = {3235--3253},
  numpages = {0},
  year = {1974},
  month = {Nov},
  publisher = {American Physical Society},
  doi = {10.1103/PhysRevD.10.3235},
  url = {https://link.aps.org/doi/10.1103/PhysRevD.10.3235}
}


@article{PhysRevLett.69.2863,
  title = {Density matrix formulation for quantum renormalization groups},
  author = {White, Steven R.},
  journal = {Phys. Rev. Lett.},
  volume = {69},
  issue = {19},
  pages = {2863--2866},
  numpages = {0},
  year = {1992},
  month = {Nov},
  publisher = {American Physical Society},
  doi = {10.1103/PhysRevLett.69.2863},
  url = {https://link.aps.org/doi/10.1103/PhysRevLett.69.2863}
}

@Article{Arute2019,
  author    = {F. Arute and others},
  title     = {Quantum supremacy using a programmable superconducting processor},
  journal   = {Nature},
  year      = {2019},
  volume    = {574},
  number    = {7779},
  pages     = {505},
  doi       = {10.1038/s41586-019-1666-5},
  publisher = {Springer Science and Business Media {LLC}},
}


@Article{Preskill:2018,
  author    = {Preskill, J.},
  title     = {Quantum {C}omputing in the {NISQ} era and beyond},
  journal   = {{Quantum}},
  year      = {2018},
  volume    = {2},
  pages     = {79},
  doi       = {10.22331/q-2018-08-06-79},
  publisher = {{Verein zur F{\"{o}}rderung des Open Access Publizierens in den Quantenwissenschaften}},
}

@Article{funcke2020measurement,
      title={Measurement Error Mitigation in Quantum Computers Through Classical Bit-Flip Correction}, 
      author={Lena Funcke and Tobias Hartung and Karl Jansen and Stefan KÃ¼hn and Paolo Stornati and Xiaoyang Wang},
      year={2020},
      note ={arXiv:2007.03663},
      archivePrefix={arXiv},
      primaryClass={quant-ph}
}

@article{Pastorello_2019,
   title={Quantum annealing learning search for solving QUBO problems},
   volume={18},
   ISSN={1573-1332},
   url={http://dx.doi.org/10.1007/s11128-019-2418-z},
   DOI={10.1007/s11128-019-2418-z},
   number={10},
   journal={Quantum Information Processing},
   publisher={Springer Science and Business Media LLC},
   author={Pastorello, Davide and Blanzieri, Enrico},
   year={2019},
   month={Aug}
}

@misc{qubo,
      title={Quadratic Unconstrained Binary Optimization Problem Preprocessing: Theory and Empirical Analysis}, 
      author={Mark Lewis and Fred Glover},
      year={2017},
      eprint={1705.09844},
      archivePrefix={arXiv},
      primaryClass={cs.AI}
}


@misc{fga,
      title={Flight Gate Assignment with a Quantum Annealer}, 
      author={Tobias Stollenwerk and Elisabeth Lobe and Martin Jung},
      year={2018},
      eprint={1811.09465},
      archivePrefix={arXiv},
      primaryClass={quant-ph}
}





@article{Schollw_ck_2011,
   title={The density-matrix renormalization group in the age of matrix product states},
   volume={326},
   ISSN={0003-4916},
   url={http://dx.doi.org/10.1016/j.aop.2010.09.012},
   DOI={10.1016/j.aop.2010.09.012},
   number={1},
   journal={Annals of Physics},
   publisher={Elsevier BV},
   author={SchollwÃ¶ck, Ulrich},
   year={2011},
   month={Jan},
   pages={96â192}
}


@article{Vidal_2003,
   title={Efficient Classical Simulation of Slightly Entangled Quantum Computations},
   volume={91},
   ISSN={1079-7114},
   url={http://dx.doi.org/10.1103/PhysRevLett.91.147902},
   DOI={10.1103/physrevlett.91.147902},
   number={14},
   journal={Physical Review Letters},
   publisher={American Physical Society (APS)},
   author={Vidal, GuifrÃ©},
   year={2003},
   month={Oct}
}


